<record><leader>00000cas a22000007a 4500</leader><controlfield tag="001">12320202</controlfield><controlfield tag="008">850729d19401941wiuwr ne      0    0eng d</controlfield><datafield ind1=" " ind2=" " tag="010"><subfield code="a">sn 85041064 </subfield></datafield><datafield ind1=" " ind2=" " tag="040"><subfield code="a">NPV</subfield><subfield code="b">eng</subfield><subfield code="c">NPV</subfield><subfield code="d">OCLCQ</subfield></datafield><datafield ind1=" " ind2=" " tag="042"><subfield code="a">msc</subfield></datafield><datafield ind1=" " ind2=" " tag="045"><subfield code="a">x4x4</subfield></datafield><datafield ind1=" " ind2=" " tag="052"><subfield code="a">4123</subfield><subfield code="b">S3</subfield></datafield><datafield ind1="0" ind2="4" tag="245"><subfield code="a">The La Valle weekly.</subfield></datafield><datafield ind1="1" ind2="3" tag="246"><subfield code="a">La Valle??</subfield></datafield><datafield ind1=" " ind2=" " tag="260"><subfield code="a">La Valle, Wis. :</subfield><subfield code="b">[Webb Printing],</subfield><subfield code="c">1940-1941.</subfield></datafield><datafield ind1=" " ind2=" " tag="300"><subfield code="a">1 v. :</subfield><subfield code="b">ill.</subfield></datafield><datafield ind1="0" ind2=" " tag="362"><subfield code="a">Vol. 1, no. 1 (Apr. 24, 1940)-v. 1, no. 44 (Feb. 19, 1941).</subfield></datafield><datafield ind1=" " ind2=" " tag="500"><subfield code="a">Published with title: The La Valle??, Apr. 24, 1940.</subfield></datafield><datafield ind1=" " ind2=" " tag="500"><subfield code="a">Publisher from May 1, 1940, issue.</subfield></datafield><datafield ind1=" " ind2=" " tag="530"><subfield code="a">Available on microfilm from The State Historical Society of Wisconsin.</subfield></datafield><datafield ind1=" " ind2=" " tag="580"><subfield code="a">Absorbed: Cazenovia leader. Cf. La Valle weekly, Dec. 11, 1940, issue.</subfield></datafield><datafield ind1=" " ind2=" " tag="752"><subfield code="a">United States</subfield><subfield code="b">Wisconsin</subfield><subfield code="c">Sauk</subfield><subfield code="d">La Valle.</subfield></datafield><datafield ind1=" " ind2=" " tag="752"><subfield code="a">United States</subfield><subfield code="b">Wisconsin</subfield><subfield code="c">Richland</subfield><subfield code="d">Cazenovia.</subfield></datafield><datafield ind1="1" ind2="5" tag="780"><subfield code="t">Cazenovia leader</subfield><subfield code="w">(DLC)sn 85041066</subfield></datafield><datafield ind1="0" ind2="0" tag="785"><subfield code="t">Valle weekly and a continuation of the Cazenovia leader</subfield><subfield code="w">(DLC)sn 85041065</subfield></datafield><datafield ind1="1" ind2=" " tag="029"><subfield code="a">AU@</subfield><subfield code="b">000025809358</subfield></datafield></record>